<?xml version="1.0" encoding="UTF-8"?><record xmlns="http://www.loc.gov/MARC21/slim" xmlns:cinclude="http://apache.org/cocoon/include/1.0" xmlns:zs="http://www.loc.gov/zing/srw/">
  <leader>00477nz  a2200145n  4500</leader>
  <controlfield tag="001">no 00061280 </controlfield>
  <controlfield tag="003">DLC</controlfield>
  <controlfield tag="005">20000804064521.0</controlfield>
  <controlfield tag="008">000803n| acannaabn          |n aad      </controlfield>
  <datafield tag="010" ind1=" " ind2=" ">
    <subfield code="a">no 00061280 </subfield>
  </datafield>
  <datafield tag="035" ind1=" " ind2=" ">
    <subfield code="a">(OCoLC)oca05279655</subfield>
  </datafield>
  <datafield tag="040" ind1=" " ind2=" ">
    <subfield code="a">DLC-SM</subfield>
    <subfield code="b">eng</subfield>
    <subfield code="c">DLC-SM</subfield>
  </datafield>
  <datafield tag="100" ind1="1" ind2=" ">
    <subfield code="a">Rubanoff, Jaye</subfield>
  </datafield>
  <datafield tag="667" ind1=" " ind2=" ">
    <subfield code="a">Machine-derived authority record.</subfield>
  </datafield>
  <datafield tag="670" ind1=" " ind2=" ">
    <subfield code="a">LCCN 00-579375: Southern California Symphony Orchestra. Southern California WPA Symphony Orchestra Series 42, program no. 1, 1942?</subfield>
  </datafield>
</record>